@article{tzanetakis2002musical,
  title={Musical genre classification of audio signals},
  author={Tzanetakis, George and Cook, Perry},
  journal={IEEE Transactions on speech and audio processing},
  volume={10},
  number={5},
  pages={293--302},
  year={2002},
  publisher={IEEE}
}

@article{sturm2013gtzan,
  title={The GTZAN dataset: Its contents, its faults, their effects on evaluation, and its future use},
  author={Sturm, Bob L},
  journal={arXiv preprint arXiv:1306.1461},
  year={2013}
}


@article{schuster1997bidirectional,
  title={Bidirectional recurrent neural networks},
  author={Schuster, Mike and Paliwal, Kuldip K},
  journal={IEEE transactions on Signal Processing},
  volume={45},
  number={11},
  pages={2673--2681},
  year={1997},
  publisher={Ieee}
}

@article{marchand2016extended,
  title={The extended ballroom dataset},
  author={Marchand, Ugo and Peeters, Geoffroy},
  year={2016}
}

@inproceedings{jeong2016learning,
  title={Learning Temporal Features Using a Deep Neural Network and its Application to Music Genre Classification.},
  author={Jeong, Il-Young and Lee, Kyogu},
  booktitle={Ismir},
  pages={434--440},
  year={2016}
}

@inproceedings{zhang2016improved,
  title={Improved Music Genre Classification with Convolutional Neural Networks.},
  author={Zhang, Weibin and Lei, Wenkang and Xu, Xiangmin and Xing, Xiaofeng},
  booktitle={Interspeech},
  pages={3304--3308},
  year={2016}
}

@article{yang2020parallel,
  title={Parallel recurrent convolutional neural networks-based music genre classification method for mobile devices},
  author={Yang, Rui and Feng, Lin and Wang, Huibing and Yao, Jianing and Luo, Sen},
  journal={IEEE Access},
  volume={8},
  pages={19629--19637},
  year={2020},
  publisher={IEEE}
}

@inproceedings{rajanna2015deep,
  title={Deep neural networks: A case study for music genre classification},
  author={Rajanna, Arjun Raj and Aryafar, Kamelia and Shokoufandeh, Ali and Ptucha, Raymond},
  booktitle={2015 IEEE 14th international conference on machine learning and applications (ICMLA)},
  pages={655--660},
  year={2015},
  organization={IEEE}
}

@article{bahuleyan2018music,
  title={Music genre classification using machine learning techniques},
  author={Bahuleyan, Hareesh},
  journal={arXiv preprint arXiv:1804.01149},
  year={2018}
}

@article{feng2017music,
  title={Music genre classification with paralleling recurrent convolutional neural network},
  author={Feng, Lin and Liu, Shenlan and Yao, Jianing},
  journal={arXiv preprint arXiv:1712.08370},
  year={2017}
}

@article{tsaptsinos2017lyrics,
  title={Lyrics-based music genre classification using a hierarchical attention network},
  author={Tsaptsinos, Alexandros},
  journal={arXiv preprint arXiv:1707.04678},
  year={2017}
}

@inproceedings{zhang2015deep,
  title={A deep neural network for modeling music},
  author={Zhang, Pengjing and Zheng, Xiaoqing and Zhang, Wenqiang and Li, Siyan and Qian, Sheng and He, Wenqi and Zhang, Shangtong and Wang, Ziyuan},
  booktitle={Proceedings of the 5th ACM on International Conference on Multimedia Retrieval},
  pages={379--386},
  year={2015}
}

@inproceedings{sigtia2014improved,
  title={Improved music feature learning with deep neural networks},
  author={Sigtia, Siddharth and Dixon, Simon},
  booktitle={2014 IEEE international conference on acoustics, speech and signal processing (ICASSP)},
  pages={6959--6963},
  year={2014},
  organization={IEEE}
}

@article{oramas2017multi,
  title={Multi-label music genre classification from audio, text, and images using deep features},
  author={Oramas, Sergio and Nieto, Oriol and Barbieri, Francesco and Serra, Xavier},
  journal={arXiv preprint arXiv:1707.04916},
  year={2017}
}

@article{melo2020graph,
  title={Graph-based feature extraction: A new proposal to study the classification of music signals outside the time-frequency domain},
  author={Melo, Dirceu de Freitas Piedade and Fadigas, Inacio de Sousa and Pereira, Hernane Borges de Barros},
  journal={Plos one},
  volume={15},
  number={11},
  pages={e0240915},
  year={2020},
  publisher={Public Library of Science San Francisco, CA USA}
}






